@misc{deftor,
    AUTHOR = {Tor Project},
    TITLE = {Overview},
    howpublished = {URL: \url{https://www.torproject.org/about/overview.html.en}},
    note = {Consultado el 8/12/2015}
}